%% This BibTeX bibliography file was created using BibDesk.
%% http://bibdesk.sourceforge.net/
  
  
  %% Saved with string encoding Unicode (UTF-8) 

@article{efron1981,
  title={The jackknife estimate of variance},
  author={Efron, Bradley and Stein, Charles},
  journal={The Annals of Statistics},
  pages={586--596},
  year={1981},
  publisher={JSTOR}
}

@article{shao1989general,
  title={A general theory for jackknife variance estimation},
  author={Shao, Jun and Wu, CF Jeff and others},
  journal={The Annals of Statistics},
  volume={17},
  number={3},
  pages={1176--1197},
  year={1989},
  publisher={Institute of Mathematical Statistics}
}

@article{shao1989efficiency,
  title={The efficiency and consistency of approximations to the jackknife variance estimators},
  author={Shao, Jun},
  journal={Journal of the American Statistical Association},
  volume={84},
  number={405},
  pages={114--119},
  year={1989},
  publisher={Taylor \& Francis Group}
}

@article{schweiger2016fast,
  title={Fast and accurate construction of confidence intervals for heritability},
  author={Schweiger, Regev and Kaufman, Shachar and Laaksonen, Reijo and Kleber, Marcus E and M{\"a}rz, Winfried and Eskin, Eleazar and Rosset, Saharon and Halperin, Eran},
  journal={The American Journal of Human Genetics},
  volume={98},
  number={6},
  pages={1181--1192},
  year={2016},
  publisher={Elsevier}
}

@article{jiang2016high,
  title={On high-dimensional misspecified mixed model analysis in genome-wide association study},
  author={Jiang, Jiming and Li, Cong and Paul, Debashis and Yang, Can and Zhao, Hongyu and others},
  journal={The Annals of Statistics},
  volume={44},
  number={5},
  pages={2127--2160},
  year={2016},
  publisher={Institute of Mathematical Statistics}
}