%% This BibTeX bibliography file was created using BibDesk.
%% http://bibdesk.sourceforge.net/


%% Created for Jacolien van Rij at 2015-03-24 14:11:07 +0100 


%% Saved with string encoding Unicode (UTF-8) 



@book{Agresti,
    author    = "Agresti, Alan",
    title     = "An introduction to categorical data analysis",
    year      = "2007",
    publisher = "John Wiley & Sons"
}

@book{JOSEPH,
    author    = "Fleiss, Joseph L",
    title     = "Statistical Methods for Rates and Proportions, 3rd Edition",
    year      = "2003",
    publisher = "John Wiley & Sons"
}

@misc{multiple,
  title = "Calculate Sample Size Needed to Compare k Proportions",
  Year = "2013",
  howpublished = {\url{http://powerandsamplesize.com/Calculators/Compare-k-Proportions/1-Way-ANOVA-Pairwise}}
}

