%% This BibTeX bibliography file was created using BibDesk.
%% http://bibdesk.sourceforge.net/
  
  
  %% Saved with string encoding Unicode (UTF-8) 

@article{efron1981,
  title={The jackknife estimate of variance},
  author={Efron, Bradley and Stein, Charles},
  journal={The Annals of Statistics},
  pages={586--596},
  year={1981},
  publisher={JSTOR}
}

@article{shao1989general,
  title={A general theory for jackknife variance estimation},
  author={Shao, Jun and Wu, CF Jeff and others},
  journal={The Annals of Statistics},
  volume={17},
  number={3},
  pages={1176--1197},
  year={1989},
  publisher={Institute of Mathematical Statistics}
}

@article{shao1989efficiency,
  title={The efficiency and consistency of approximations to the jackknife variance estimators},
  author={Shao, Jun},
  journal={Journal of the American Statistical Association},
  volume={84},
  number={405},
  pages={114--119},
  year={1989},
  publisher={Taylor \& Francis Group}
}