%% This BibTeX bibliography file was created using BibDesk.
%% http://bibdesk.sourceforge.net/


%% Created for Jacolien van Rij at 2015-03-24 14:11:07 +0100 


%% Saved with string encoding Unicode (UTF-8) 



@misc{ref1,
  title = {Getting Started with doParallel and foreach},
  author = {Steve Weston},
  Year = {2017},
  howpublished = {\url{https://cran.r-project.org/web/packages/doParallel/vignettes/gettingstartedParallel.pdf}}
}

@misc{ref2,
  title = {How-to go parallel in R – basics + tips},
  author = {Max Gordon},
  Year = {2015},
  howpublished = {\url{https://www.r-bloggers.com/how-to-go-parallel-in-r-basics-tips/}}
}

@misc{ref3,
  title = {foreach/iterators User’s Guide},
  Year = {2013},
  howpublished = {\url{https://packages.revolutionanalytics.com/doc/7.3.0/win/RevoForeachIterators_Users_Guide.pdf}}
}

@misc{ref3,
  title = {foreach/iterators User’s Guide},
  Year = {2013},
  howpublished = {\url{https://packages.revolutionanalytics.com/doc/7.3.0/win/RevoForeachIterators_Users_Guide.pdf}}
}

@misc{ref4,
  title = {A brief foray into parallel processing with R},
  Year = {2013},
  howpublished = {\url{https://beckmw.wordpress.com/2014/01/21/a-brief-foray-into-parallel-processing-with-r/}}
}

@misc{ref5,
  title = {Big Data Dimension Reduction using PCA},
  author = {Tonglin Zhang, Baijian Yang},
  Year = {2016},
}

@misc{ref6,
  title = {Sliced Inverse Regression For Dimension Reduction},
  author = {Ker-Chau Li},
  Year = {1991},
}