%% This BibTeX bibliography file was created using BibDesk.
%% http://bibdesk.sourceforge.net/


%% Created for Jacolien van Rij at 2015-03-24 14:11:07 +0100 


%% Saved with string encoding Unicode (UTF-8) 

@article{ref6,
  title={Sliced inverse regression for dimension reduction},
  author={Li, Ker-Chau},
  year={1991}
}

@article{ref7,
  title={Discussion of “Sliced inverse regression for dimension reduction”},
  author={Cook, R Dennis and Weisberg, Sanford},
  year={1991}
}

@article{ref8,
  title={Probability-enhanced sufficient dimension reduction for binary classification},
  author={Shin, Seung Jun and Wu, Yichao and Zhang, Hao Helen and Liu, Yufeng},
  year={2014}
}

@article{ref9,
  title={Principal weighted logistic regression for sufficient dimension reduction in binary classification},
  author={Kim, Boyoung and Shin, Seung Jun},
  year={2019}
}

